4270 4606
448 520 494 588 50
833 521 1072 578 COMMODUM

453 665 634 734 faustum
657 667 852 754 felicemque
875 667 961 734 diem
983 667 1019 734 in
1043 669 1133 734 exitu
1157 668 1259 734 uultis
1281 667 1411 754 hebere,

455 755 522 822 Ut
544 761 639 822 coeat
661 757 816 842 populus,
838 757 967 822 leudem
991 779 1066 822 cum
1088 758 1180 824 luctu
1202 757 1322 823 uidere.

453 843 484 910 N
507 867 563 910 um
586 845 755 931 prouidcs,
779 868 922 932 quonam
945 847 1103 912 merearis
1126 849 1174 912 ire
1197 845 1393 914 defunctus?
1423 864 1456 915 ιο

457 933 562 1000 Ecce
585 939 831 1023 prosequuntur
852 935 915 1021 iili,
937 940 974 1001 tu
997 935 1063 1002 iem
1086 935 1173 1002 forte
1197 935 1349 1002 cremaris

457 1021 490 1088 R
509 1023 644 1090 edoctus
662 1025 697 1090 in
716 1046 871 1110 poenam:
891 1025 967 1112 quid
985 1025 1135 1113 proderit
1146 1046 1270 1112 pompe
1283 1023 1457 1091 defuncto?

457 1111 478 1178 1
506 1117 665 1180 noucctus
688 1115 754 1180 orie
778 1115 833 1200 qui
857 1114 900 1180 ob
918 1115 989 1194 isto
1012 1115 1153 1202 collegio
1176 1114 1314 1202 quaeri&
1431 1125 1436 1136 “

456 1197 481 1267 S
505 1200 549 1266 ub
573 1202 687 1288 uigore
711 1203 804 1288 cupio
826 1203 949 1268 uiuere:
972 1207 1006 1269 te
1029 1205 1155 1292 decipis
1179 1205 1297 1290 ipsum.

453 1375 479 1430 11
499 1381 534 1431 eo
554 1374 586 1431 0.
634 1347 640 1352 ’
887 1373 1014 1434 xxm.
1369 1382 1404 1432 ιι
1421 1375 1456 1432 R.

855 1497 1065 1570 OLERJCIS.

460 1643 486 1712 (i
510 1644 646 1732 ongruit
668 1643 703 1710 in
726 1642 869 1730 Pascha,
892 1643 945 1711 die
967 1643 1160 1712 felicissimo
1183 1648 1313 1730 nostro,
1419 1637 1424 1652 ¹

458 1731 488 1800 L
509 1737 663 1799 notentur
684 1737 723 1798 ut
745 1733 809 1818 illi,
832 1734 887 1820 qui
910 1735 1083 1820 postulent
1105 1737 1240 1820 sumpte
1261 1733 1387 1800 diuino:

457 1822 487 1889 E
508 1827 644 1908 rogetur
670 1823 718 1887 cis
742 1819 831 1907 quod
854 1822 989 1907 sufficit,
1010 1823 1126 1890 uinum
1150 1833 1185 1890 ot
1207 1844 1291 1889 eece„
1520 1901 1527 1918 ·

458 1909 490 1975 R
511 1909 645 1995 espuic?
672 1930 714 1974 ne
737 1909 825 1974 forte
849 1932 914 1996 quo
935 1915 1160 1978 memorentur
1181 1913 1247 1976 icto
1269 1933 1330 1998 pro
1351 1911 1462 1976 uobis:

458 1998 479 2065 1
507 2019 532 2063 ιι
554 1997 683 2064 modico
708 2001 843 2082 sumpto
866 1998 1003 2066 deficitis
1028 1995 1161 2066 Christo
1184 1999 1315 2066 donare.
1445 2015 1462 2064 t

274 2105 277 2133 ³
305 2125 312 2132 -
404 2149 409 2156 ,
459 2085 566 2154 Gom
588 2083 655 2172 ipsi
677 2086 747 2152 non
770 2085 895 2173 facitis,
918 2110 982 2174 quo
1006 2087 1104 2156 modo
1128 2089 1266 2154 euadere
1288 2088 1427 2174 potestis

459 2175 480 2242 1
507 2175 657 2242 ustitiam
681 2174 783 2262 Legis
804 2175 950 2243 talibus?
972 2177 1026 2243 uel
1050 2178 1150 2244 semel
1173 2179 1208 2244 in
1232 2199 1328 2244 anno.

460 2261 486 2330 S
510 2265 541 2331 ic
564 2286 636 2330 esse
659 2265 784 2332 multoe
808 2269 933 2353 urgunt
954 2266 1162 2352 blasphemia
1185 2288 1284 2352 saepe
1302 2266 1341 2332 de
1359 2253 1463 2332 uobis.

459 2439 540 2494 11⁸4
559 2437 592 2496 0.
901 2439 1016 2495 XXXV.
1377 2443 1412 2494 76
1431 2437 1463 2494 It

564 2533 697 2661 isim
720 2563 963 2632 montoso
986 2564 1045 2630 rr
1070 2563 1289 2633 sicomoro.

462 2706 568 2773 Dum
590 2707 665 2772 leue
686 2705 819 2771 uidetur
841 2706 1034 2794 cuicumque
1056 2727 1162 2794 nequo
1185 2707 1318 2791 uitetur,

465 2795 495 2862 Ε
514 2800 530 2861 t
553 2795 649 2881 queri
670 2793 768 2860 focile
791 2795 872 2882 ruit,
894 2791 972 2861 dum
995 2795 1142 2862 abuteris
1165 2794 1261 2880 illud,

463 2971 630 3038 Fabulae
654 2970 872 3058 subueniunt,
893 2993 958 3058 quo
982 2973 1106 3040 uenisti
1129 2973 1265 3039 tondere
1287 2993 1400 3059 preces
1474 3029 1477 3034 .

462 3059 549 3127 Aut
571 3061 705 3146 pulsare
728 3060 863 3127 domum
888 3061 1050 3128 stomachi
1073 3084 1135 3148 pro
1158 3061 1278 3129 delicto
1301 3061 1427 3127 diurno.

463 3149 631 3216 Buccino
653 3170 856 3235 praeconum
880 3149 1001 3217 clamet
1022 3150 1145 3216 lectore
1167 3151 1313 3237 legente,
1451 3164 1468 3213 ι

416 3271 423 3280 ·
464 3237 493 3305 t
513 3241 529 3302 t
551 3242 690 3324 pateant
713 3260 824 3322 eures,
848 3241 884 3304 et
904 3243 941 3304 tu
966 3239 1073 3324 magis
1097 3238 1244 3305 obstruis
1266 3239 1356 3323 illee3

463 3324 624 3393 Luxeris
648 3326 754 3412 lobio,
777 3325 897 3412 quibus
920 3327 1136 3414 ingemiscere
1159 3326 1268 3394 deboc
1346 3335 1356 3346 “

465 3412 613 3481 obsera
635 3413 732 3480 melis
756 3418 872 3500 pectus
895 3414 950 3481 uel
971 3415 1009 3481 in
1031 3420 1164 3501 pectore
1187 3416 1287 3482 solue

466 3501 491 3570 S
515 3503 554 3569 cd
580 3503 656 3590 quia
679 3501 813 3570 diuitias
836 3503 964 3570 iaciunt
986 3509 1045 3570 out
1066 3505 1224 3590 pecuniae
1246 3504 1367 3588 fronto,

465 3591 484 3658 1
513 3592 578 3658 nde
601 3592 689 3678 perit
713 3592 837 3679 omnis,
860 3592 990 3678 quondo
1013 3592 1078 3659 eibi
1101 3593 1242 3660 maxime
1265 3592 1379 3658 fidunt.
1437 3609 1470 3658 ιο

466 3677 491 3747 S
515 3682 546 3746 ic
570 3680 712 3746 feminae
736 3703 867 3767 quoque
890 3685 1023 3766 coeunt,
1046 3681 1142 3767 quasi
1166 3681 1300 3747 initient
1321 3680 1456 3764 barnem
