4306 4608
269 470 316 535 14
656 399 897 526 cononmiI

268 614 473 700 Respieiunt
520 613 617 680 Certe
641 613 752 680 omnis
774 631 874 698 supre
896 611 984 678 diets
1005 610 1151 678 rebelles.

268 702 360 771 Seite
382 703 462 789 quid
484 705 671 788 opponunt,
694 723 766 768 oum
788 721 841 764 res
858 703 927 766 tem
945 703 1057 786 operte
1075 697 1225 768 dicetur?

267 791 391 859 Videte
413 793 481 857 ism
505 812 599 877 ergo,
622 789 714 856 dubii
735 789 792 876 qni
813 810 901 855 nuno
924 811 1027 876 usque
1047 787 1185 873 nutetis,

208 899 256 942 eso
269 879 367 958 Quod
388 883 506 965 gentes
528 880 565 945 in
582 878 720 966 Domini
739 877 864 944 inerint
885 879 1046 963 sen'pture
1063 879 1199 964 priores

268 967 369 1040 Nune
391 989 471 1055 ergo
495 969 547 1036 ies
570 968 601 1034 ei
623 969 766 1052 eredere,
787 989 886 1054 quem
907 966 985 1033 libri
1007 967 1191 1122 desiffnnnt,

267 1055 349 1124 Non
370 1057 468 1123 idolis
491 1059 601 1142 venis,
623 1079 707 1143 quse
728 1057 935 1140 flustra-pro
957 1056 1027 1121 rite
1048 1078 1086 1124 eo
1101 1060 1208 1142 untur,

268 1143 341 1211 Neo
363 1145 439 1212 istis
462 1145 600 1231 adiungi
622 1144 826 1229 voluptuosis
849 1147 884 1208 et
906 1144 977 1210 sine
999 1143 1103 1230 freno,
1159 1177 1165 1188 ·

269 1233 335 1312 Qui
353 1234 461 1320 magis
478 1234 626 1300 luxuries
646 1233 787 1320 diligunt
804 1253 902 1318 quem
921 1229 1046 1298 Summi
1064 1237 1248 1318 praecepte
1354 1309 1357 1314 ¹

200 1339 255 1380 us
338 1318 418 1386 Non
440 1327 492 1386 est
514 1323 611 1407 culpe
634 1321 716 1387 setis
737 1320 779 1386 iis
802 1341 883 1404 unu,
905 1319 962 1408 qui
979 1319 1108 1386 credere
1125 1322 1254 1405 nolunt,

269 1407 335 1475 Sed
357 1409 466 1497 megis
488 1410 666 1478 iniement:
688 1409 730 1476 In
749 1412 885 1495 puteum
907 1407 1056 1474 misimus
1077 1407 1181 1474 illum.

269 1497 480 1584 Quapropter
502 1503 538 1565 et
559 1498 722 1566 Dominus
742 1495 931 1582 indignatus
954 1496 1076 1583 iurgist
1096 1495 1186 1563 illos:

269 1586 413 1672 Propter
432 1609 493 1656 ros
515 1609 638 1654 nomen
660 1583 1039 1744 ¹¹¹⁰m.b¹⁸i{h²m⁸i¹¹¹
1054 1582 1272 1672 ingentibus,

335 1709 340 1718 .
769 1697 805 1741 m
827 1698 862 1741 m
1094 1701 1103 1712 .

268 1761 455 1830 Dimiseum
473 1766 510 1830 in
527 1769 664 1849 puteum
681 1785 756 1831 rere
771 1698 908 1851 wigere
926 1785 1026 1851 quere
1044 1761 1226 1830 clametur?

209 1849 406 1935 solareris,
428 1850 585 1936 Domine,
608 1854 752 1918 animum
774 1873 882 1918 meum
904 1852 1103 1938 imposuisti:
1125 1853 1129 1860 '

268 1937 345 2024 Ego
368 1936 522 2023 dormiri,
545 1941 607 2025 eit,
630 1946 665 2005 et
686 1961 837 2006 somnum
860 1940 933 2024 oepi
956 1961 1103 2024 securus,
1243 1933 1256 1948 “

268 2027 403 2093 Auxilio
425 2026 563 2094 Domini
586 2029 726 2113 surrexi,
746 2027 796 2094 nil
818 2027 899 2093 muli
920 2048 1048 2113 pessus

267 2113 317 2180 nt
338 2115 459 2182 iterum
482 2115 576 2182 dicit:
599 2115 641 2182 In
664 2115 825 2182 inferum
847 2137 917 2182 non
937 2114 1142 2201 derelinques

267 2201 341 2270 Nee
364 2204 459 2270 debis
482 2208 635 2271 sunctum
657 2209 750 2272 tuum
773 2203 944 2272 interitum
967 2225 1095 2290 quoque
1108 2203 1226 2270 ridere.

210 2307 255 2350 ω
268 2290 335 2357 Hie
357 2313 542 2376 personens
564 2294 625 2358 sit:
648 2293 713 2360 Fili
733 2293 930 2379 prophetoe,
951 2292 1104 2358 escendo

267 2377 316 2445 Ut
330 2378 512 2445 Dominum
535 2380 642 2446 dieem
664 2403 797 2465 passum
819 2403 880 2464 pro
903 2381 1031 2445 miseris
1054 2401 1227 2462 summum,

133 2492 137 2509 ·
267 2465 316 2532 nt
337 2466 373 2532 in
395 2467 482 2533 libro
505 2468 707 2554 psalmorum
729 2468 769 2532 de
792 2467 927 2534 Domini
950 2471 1053 2533 morte
1077 2467 1244 2533 clametur.

266 2553 347 2621 Non
368 2554 403 2621 id
425 2556 478 2622 illi
499 2559 621 2642 putent
643 2555 749 2621 Derid
770 2555 811 2620 de
835 2577 869 2621 se
892 2555 966 2639 ipso
989 2553 1118 2640 referre,

135 2698 139 2727 ,
249 2645 339 2708 -sut
362 2644 392 2709 si
414 2649 536 2729 putent
559 2643 655 2729 illud,
678 2647 864 2732 congruunt
881 2644 1047 2729 universe,
1065 2665 1148 2730 quse
1166 2641 1272 2710 dixit?
1377 2713 1382 2718 ,

136 2790 140 2823 1
210 2749 255 2791 ⁴⁵⁰
267 2729 347 2798 Non
370 2737 423 2798 est
444 2732 633 2821 flagellatus
655 2732 762 2800 Durid
784 2754 846 2800 neo
867 2754 960 2798 oruoe
983 2732 1118 2798 levatus

269 2819 379 2897 Quid?
424 2819 661 2888 Vutioinsntur
681 2819 792 2887 ludaei
815 2842 907 2886 more
931 2817 1086 2886 Saturni?
1308 2897 1314 2908 ι

267 2906 309 2972 ln
331 2908 464 2974 subules
488 2912 625 2994 ooeunt,
648 2909 811 2976 onmium
835 2907 1015 2975 declinetur
1037 2907 1072 2972 in
1095 2906 1177 2974 illo?
1255 2973 1260 2980 ,

266 2994 347 3062 Non
370 2996 466 3083 qussi
487 2995 673 3063 mulefioum
695 2997 871 3082 elspnntur
892 3017 987 3063 eruco
1009 2995 1176 3064 levatum?
1264 3033 1268 3042 ‚
1318 3048 1322 3054 .

267 3083 404 3168 Inseiis,
425 3085 583 3170 indoctis,
606 3084 839 3172 ignorantibuo‘
860 3083 944 3150 telis
965 3085 1109 3187 fipgunt:

210 3189 254 3232 nu
268 3171 351 3250 Quis
370 3172 461 3240 Deus
483 3177 535 3240 eet
556 3173 627 3258 ine,
651 3196 748 3277 quem
765 3195 827 3239 nos
847 3172 934 3240 eruci
952 3173 1103 3239 fiximus?
1131 3171 1226 3240 siunt
1249 3217 1255 3222 -
1359 3257 1364 3262 ι
1455 3207 1459 3216 ·
1502 3225 1511 3242 ,

267 3259 431 3328 Nolentes
453 3262 617 3348 respicere
640 3265 832 3348 scripturus,
854 3259 951 3328 eorde
974 3247 1105 3333 deon

336 3348 423 3418 neco
446 3349 536 3416 enuit
558 3349 643 3417 elius
666 3353 817 3436 repetens
838 3339 1020 3436 iterumojue
1040 3349 1225 3436 prophete*

268 3432 372 3504 Cuius
393 3459 475 3505 voee
497 3441 610 3504 temen
631 3437 785 3506 tituletur
806 3437 884 3505 telis
907 3437 1045 3504 edictus:

266 3523 365 3592 Nunc
387 3547 577 3614 exsurgam,
599 3527 650 3594 eit
670 3526 846 3612 Dominus,
867 3548 955 3594 nuno
978 3525 1190 3612 olerifionbor,

209 3611 367 3681 seeNune
388 3615 573 3704 exaltabor,
594 3615 753 3682 humilem
775 3619 872 3703 quem
896 3618 972 3681 ente
994 3613 1140 3700 vidistin
