4306 4608
934 103 946 153 Ι

298 432 442 561 26.’
559 439 603 487 '¹
679 445 968 556 conuonuu
1098 493 1105 500 ·

299 640 454 710 Clausum
476 643 541 709 erit
562 645 705 729 ceolum,
728 665 768 710 ex
791 665 830 710 ec
850 665 912 710 nec
934 665 1009 710 rore
1031 644 1216 712 medescet:

297 729 345 797 Et
366 733 501 798 flumine
523 753 651 818 quoque
673 733 779 798 iratus
801 732 836 798 in
861 733 1019 820 sengrrine
1042 733 1153 798 vertit

298 818 353 885 Fit
376 819 496 886 sterilis
518 824 606 886 terre
626 843 687 888 nec
711 821 831 888 sudent
852 821 1139 907 fontibusequee,
1223 833 1226 840 '

298 905 346 974 Ut
367 909 464 974 femie
487 909 636 976 incedet:
660 911 723 978 erit
744 915 823 1000 tunc
845 915 880 974 et
901 911 970 976 lnes
994 911 1030 976 in
1055 910 1144 977 orbe.

241 1014 285 1054 σω
298 993 368 1062 Iste
389 997 467 1082 quie
487 998 599 1084 faciet,
622 1000 759 1066 crncieti
781 1021 897 1085 nempe
920 998 1033 1066 Iudeei

298 1083 404 1150 Multo
425 1087 579 1154 edversus
603 1102 678 1154 oum
701 1089 845 1156 conflent
866 1089 1064 1154 in‘crirnine
1086 1088 1184 1172 false,

257 1181 260 1190 ’
298 1173 542 1262 Incenduntque
563 1178 655 1263 prius
678 1182 829 1242 sensium
852 1197 1047 1263 consurgere
1069 1178 1107 1242 in
1129 1179 1181 1244 ire

296 1260 345 1328 Et
366 1263 479 1329 dicunt
499 1263 629 1331 Heliam
652 1265 822 1332 inimicum
846 1287 917 1331 csse
939 1263 1112 1332 Romanis.

301 1349 391 1417 Tunc
412 1353 490 1419 inde
511 1354 685 1420 confestim
707 1359 817 1420 motus
840 1357 971 1420 senatus
995 1355 1038 1428 eb
1062 1355 1129 1420 illis

241 1437 445 1506 merome
466 1440 631 1508 Neronem
653 1444 806 1528 precibus
829 1448 864 1510 et
885 1443 981 1510 donis
1004 1443 1143 1528 iniquis:
1271 1453 1274 1458 “
1412 1457 1452 1498 “.

296 1527 391 1595 Tolle
413 1530 564 1598 inimicos
584 1532 700 1618 populi
721 1533 762 1598 de
784 1534 881 1599 rebus
904 1533 1070 1617 humenis,
1199 1603 1202 1612 ,

296 1616 361 1683 Per
385 1641 469 1704 quos
492 1625 525 1686 et
546 1620 593 1686 dii
614 1621 723 1688 nostri
745 1622 977 1687 conculcantur
1002 1641 1111 1708 neque
1134 1620 1298 1685 coluntur.

292 1704 344 1771 Et
363 1707 419 1774 ille
440 1709 610 1796 suppletus
633 1710 720 1777 forie
741 1710 957 1796 precibusque
979 1713 1115 1776 senetur
1132 1739 1152 1770 ο

175 1813 184 1828 ’
296 1793 455 1864 Vehiculo
477 1799 609 1884 publico
630 1801 720 1886 repit
742 1801 786 1867 eb
808 1801 932 1868 oriente
954 1798 1148 1885 prophetes.

167 1915 173 1922 ·
240 1881 362 1960 moui
384 1886 464 1952 setis
486 1889 525 1952 nt
544 1887 649 1954 ieciet
669 1888 740 1954 illis
761 1889 814 1955 rel
835 1893 923 1956 certe
946 1887 1088 1966 Iudaeis,

296 1969 450 2038 Imrnoliet
470 1975 532 2040 hos
553 1976 697 2060 primurn
720 1981 754 2043 et
776 1977 824 2042 sic
846 1975 888 2042 ed
911 1975 1065 2042 ecclesius
1088 1976 1166 2058 exit,
1216 2002 1223 2010 ·
1262 1976 1276 1998 ⁸

297 2057 366 2126 Sub
387 2083 526 2147 qnorum
548 2065 710 2149 martyrio
732 2064 859 2132 decime
879 2087 956 2150 pers
979 2063 1106 2130 corruit
1126 2061 1221 2128 urbis
1246 2107 1253 2118 -
1364 2063 1369 2070 '

295 2143 342 2213 Et
358 2154 503 2235 pereunt
523 2151 570 2218 ibi
591 2151 744 2220 hominen
768 2159 894 2240 septem
916 2141 1011 2218 milis
1031 2145 1149 2239 pleno„¹
1177 2146 1182 2156 '

295 2235 378 2304 Iilos
400 2243 509 2306 entem
532 2239 694 2309 Dominus
704 2247 833 2330 ···querto
856 2241 908 2308 die
925 2241 1021 2310 'tollit
1042 2243 1079 2308 in
1103 2263 1211 2324 eures,
1274 2291 1279 2302 .
1318 2241 1321 2246 ’
1386 2183 1422 2282 Τ

123 2284 126 2415 i
241 2341 283 2384 ωε
297 2324 386 2402 Quos
407 2329 457 2394 illi
478 2333 653 2398 vetuerunt
675 2331 844 2417 sepulture
866 2331 962 2397 condi
984 2331 1143 2414 iacentes,

123 2425 127 2452 ¹
297 2411 503 2502 Suscitetque
525 2419 596 2484 solo
618 2420 821 2486 immortales
843 2418 948 2485 iactos
971 2418 1011 2483 de
1034 2422 1153 2501 morte,

169 2575 180 2598 .
297 2500 386 2578 Quos
407 2505 533 2571 inimici
554 2507 605 2572 sui
629 2507 814 2592 suspiciunt
835 2508 882 2572 ire
904 2529 964 2592 per
987 2527 1095 2572 eures.

362 2591 483 2659 Territi
502 2587 564 2662 nec
586 2596 634 2660 sic
656 2599 747 2680 sunt,
776 2595 833 2662 sed
856 2594 962 2684 megin
986 2595 1077 2660 intre
1099 2594 1297 2660 crudescunt

210 2767 214 2774 ⁸
296 2680 348 2745 Ad
369 2681 530 2768 populum*
548 2680 675 2750 Christi
698 2689 903 2750 exsecrantes
926 2683 1004 2752 odio
1025 2687 1111 2751 toto.
1221 2705 1228 2716 ¹
1266 2685 1278 2703 ⁶

162 2840 169 2848 ⁸
239 2785 282 2826 κο
296 2766 467 2836 Indnrerit
488 2772 576 2838 enim
597 2773 793 2840 Altissirnus
816 2771 912 2840 corde
934 2772 1110 2858 nefandos,
1210 2806 1216 2814 ·
1288 2841 1294 2853 ,

297 2855 389 2924 Sicut
408 2857 572 2926 Phereoni
595 2861 687 2947 prins
709 2861 918 2928 induraverat
941 2883 1048 2927 eures.
1174 2899 1181 2916 ι
1326 2903 1330 2910 -
1393 2883 1397 2890 ’

192 2947 209 2978 ⁸
295 2943 362 3011 Hic
384 2969 462 3034 ergo
486 2949 665 3016 rexdnrue
681 2955 724 3016 'et
745 2951 878 3037 iniquus
900 2947 991 3016 Nero
1013 2949 1170 3036 ingestus·
1287 2955 1303 2972 ““
1443 2936 1449 2946 ’

233 3037 238 3044 ·
294 3033 379 3100 reni
400 3035 492 3102 inse
514 3037 671 3123 populum
694 3036 920 3105 cessem
942 3019 1018 3124 ipsi
1035 3037 1082 3104 (ιε
1104 3036 1201 3121 urse,

295 3121 477 3210 Perticipee
499 3131 610 3192 entem
633 3127 699 3194 dno
722 3125 787 3194 eriri
811 3123 969 3193 Oeeseres
993 3125 1101 3210 eddit,
1146 3137 1150 3147 “
1375 3167 1381 3179 -

240 3227 283 3268 κδ
296 3209 379 3277 Onne
398 3213 520 3298 quibus
540 3214 628 3282 hunc
650 3215 807 3301 populum
828 3219 1045 3302 persequetur
1072 3214 1147 3280 diro
1175 3211 1296 3279 furore.

277 3298 434 3400 ,mount
454 3307 490 3368 et
510 3303 618 3370 edicte
638 3327 699 3390 per
719 3304 843 3382 iudices
866 3325 980 3372 omnes
1003 3303 1142 3390 ubique,

294 3385 343 3454 Ut
364 3411 467 3476 genus
489 3390 552 3458 hoc
573 3391 745 3460 hominum
767 3393 891 3458 iecient
914 3391 984 3463 sine
1001 3393 1142 3472 nomine
1156 3389 1296 3476 Christi3

294 3475 503 3564 Praecipiunt
524 3502 653 3568 quoque
675 3481 858 3548 simulecris
881 3481 980 3546 thure
1001 3478 1156 3567 ponende

293 3565 356 3649 Eis
376 3589 419 3634 ΒΘ
441 3569 514 3654 quis
536 3569 656 3654 leteet,
679 3591 794 3636 omnes
817 3571 964 3637 coroneti
985 3567 1208 3656 procedent,
1405 3561 1409 3570 '

238 3653 333 3720 stein
355 3655 546 3724 histrionice
568 3659 598 3724 si
620 3658 727 3726 fidelis
750 3659 798 3727 ire
820 3657 963 3746 regerit,
