<?xml version="1.0" encoding="UTF-8"?>
<!DOCTYPE html PUBLIC "-//W3C//DTD XHTML 1.0 Transitional//EN"
    "http://www.w3.org/TR/xhtml1/DTD/xhtml1-transitional.dtd">
<html xmlns="http://www.w3.org/1999/xhtml" xml:lang="en" lang="en">
 <head>
  <title>
</title>
<meta http-equiv="Content-Type" content="text/html;charset=utf-8" />
  <meta name='ocr-system' content='tesseract 3.04.00' />
  <meta name='ocr-capabilities' content='ocr_page ocr_carea ocr_par ocr_line ocrx_word'/>
</head>
<body>
  <div class='ocr_page' id='page_1' title='image "./commodianicarmi01commgoog_0120.png"; bbox 0 0 4306 4608; ppageno 0'>
   <div class='ocr_carea' id='block_1_1' title="bbox 274 568 997 654">
    <p class='ocr_par' dir='ltr' id='par_1_1' title="bbox 274 568 997 654">
     <span class='ocr_line' id='line_1_1' title="bbox 274 568 997 654; baseline -0.003 -29"><span class='ocrx_word' id='word_1_1' title='bbox 274 569 341 640; x_wconf 66' lang='lat'><strong>,16</strong></span> <span class='ocrx_word' id='word_1_2' title='bbox 485 638 490 644; x_wconf 85' lang='lat'>.</span> <span class='ocrx_word' id='word_1_3' title='bbox 680 568 997 654; x_wconf 63' lang='lat' dir='ltr'><strong>oonnouuuu⁸</strong></span> 
     </span>
    </p>
   </div>
   <div class='ocr_carea' id='block_1_2' title="bbox 118 712 1454 3816">
    <p class='ocr_par' dir='ltr' id='par_1_2' title="bbox 118 712 1454 3816">
     <span class='ocr_line' id='line_1_2' title="bbox 295 712 1009 781; baseline -0.006 -1"><span class='ocrx_word' id='word_1_4' title='bbox 295 713 493 781; x_wconf 78' lang='lat' dir='ltr'><strong>Exuseuurit</strong></span> <span class='ocrx_word' id='word_1_5' title='bbox 515 713 592 780; x_wconf 85' lang='lat' dir='ltr'><strong>illos</strong></span> <span class='ocrx_word' id='word_1_6' title='bbox 615 712 745 778; x_wconf 79' lang='lat' dir='ltr'><strong>melitis</strong></span> <span class='ocrx_word' id='word_1_7' title='bbox 768 735 829 780; x_wconf 80' lang='lat' dir='ltr'><strong>suu</strong></span> <span class='ocrx_word' id='word_1_8' title='bbox 851 733 909 779; x_wconf 88' lang='lat' dir='ltr'><strong>seu</strong></span> <span class='ocrx_word' id='word_1_9' title='bbox 930 712 1009 778; x_wconf 82' lang='lat' dir='ltr'><strong>iruo.</strong></span> 
     </span>
     <span class='ocr_line' id='line_1_3' title="bbox 295 799 1105 889; baseline -0.002 -21"><span class='ocrx_word' id='word_1_10' title='bbox 295 801 381 868; x_wconf 81' lang='lat' dir='ltr'><strong>Eone</strong></span> <span class='ocrx_word' id='word_1_11' title='bbox 403 802 480 889; x_wconf 80' lang='lat' dir='ltr'><strong>quie</strong></span> <span class='ocrx_word' id='word_1_12' title='bbox 502 801 591 868; x_wconf 82' lang='lat' dir='ltr'><strong>eueoi</strong></span> <span class='ocrx_word' id='word_1_13' title='bbox 612 800 679 887; x_wconf 87' lang='lat' dir='ltr'><strong>ipsi</strong></span> <span class='ocrx_word' id='word_1_14' title='bbox 701 805 779 866; x_wconf 84' lang='lat' dir='ltr'><strong>sunt</strong></span> <span class='ocrx_word' id='word_1_15' title='bbox 801 806 835 867; x_wconf 85' lang='lat' dir='ltr'><strong>et</strong></span> <span class='ocrx_word' id='word_1_16' title='bbox 857 802 979 868; x_wconf 82' lang='lat' dir='ltr'><strong>ulturos</strong></span> <span class='ocrx_word' id='word_1_17' title='bbox 1003 799 1105 884; x_wconf 78' lang='lat' dir='ltr'><strong>siunt,</strong></span> 
     </span>
     <span class='ocr_line' id='line_1_4' title="bbox 295 887 1221 976; baseline -0.004 -19"><span class='ocrx_word' id='word_1_18' title='bbox 295 891 389 957; x_wconf 86' lang='lat' dir='ltr'><strong>Dixit</strong></span> <span class='ocrx_word' id='word_1_19' title='bbox 410 890 476 956; x_wconf 82' lang='lat' dir='ltr'><strong>illis</strong></span> <span class='ocrx_word' id='word_1_20' title='bbox 499 887 670 957; x_wconf 73' lang='lat' dir='ltr'><strong>Salomon:</strong></span> <span class='ocrx_word' id='word_1_21' title='bbox 692 888 889 956; x_wconf 83' lang='lat' dir='ltr'><strong>Nescierunt</strong></span> <span class='ocrx_word' id='word_1_22' title='bbox 909 887 973 956; x_wconf 84' lang='lat' dir='ltr'><strong>Dei</strong></span> <span class='ocrx_word' id='word_1_23' title='bbox 996 893 1129 958; x_wconf 65' lang='lat' dir='ltr'><strong>secretu</strong></span> <span class='ocrx_word' id='word_1_24' title='bbox 1213 963 1221 976; x_wconf 21' lang='grc' dir='ltr'>ἱ</span> 
     </span>
     <span class='ocr_line' id='line_1_5' title="bbox 364 977 1256 1066; baseline -0.004 -22"><span class='ocrx_word' id='word_1_25' title='bbox 364 977 594 1066; x_wconf 69' lang='lat' dir='ltr'><strong>Quaecumque</strong></span> <span class='ocrx_word' id='word_1_26' title='bbox 617 979 771 1046; x_wconf 81' lang='lat' dir='ltr'><strong>dixerunt</strong></span> <span class='ocrx_word' id='word_1_27' title='bbox 791 983 895 1045; x_wconf 81' lang='lat' dir='ltr'><strong>testes</strong></span> <span class='ocrx_word' id='word_1_28' title='bbox 918 977 1061 1044; x_wconf 81' lang='lat' dir='ltr'><strong>universi</strong></span> <span class='ocrx_word' id='word_1_29' title='bbox 1083 977 1218 1064; x_wconf 88' lang='lat' dir='ltr'><strong>priores,</strong></span> <span class='ocrx_word' id='word_1_30' title='bbox 1252 1034 1256 1040; x_wconf 93' lang='lat'>.</span> 
     </span>
     <span class='ocr_line' id='line_1_6' title="bbox 237 1064 1241 1134; baseline -0.002 -2"><span class='ocrx_word' id='word_1_31' title='bbox 237 1065 336 1132; x_wconf 65' lang='lat' dir='ltr'><strong>toln</strong></span> <span class='ocrx_word' id='word_1_32' title='bbox 359 1065 489 1134; x_wconf 80' lang='lat' dir='ltr'><strong>Christo</strong></span> <span class='ocrx_word' id='word_1_33' title='bbox 512 1067 646 1134; x_wconf 80' lang='lat' dir='ltr'><strong>fluerunt</strong></span> <span class='ocrx_word' id='word_1_34' title='bbox 668 1067 778 1134; x_wconf 72' lang='lat' dir='ltr'><strong>fauts?</strong></span> <span class='ocrx_word' id='word_1_35' title='bbox 803 1072 862 1133; x_wconf 76' lang='lat' dir='ltr'><strong>eut</strong></span> <span class='ocrx_word' id='word_1_36' title='bbox 884 1068 919 1132; x_wconf 91' lang='lat' dir='ltr'><strong>in</strong></span> <span class='ocrx_word' id='word_1_37' title='bbox 941 1067 1067 1134; x_wconf 70' lang='lat' dir='ltr'><strong>altero?</strong></span> <span class='ocrx_word' id='word_1_38' title='bbox 1111 1064 1241 1132; x_wconf 82' lang='lat' dir='ltr'><strong>Diuunt</strong></span> 
     </span>
     <span class='ocr_line' id='line_1_7' title="bbox 170 1153 1227 1243; baseline 0 -23"><span class='ocrx_word' id='word_1_39' title='bbox 170 1231 172 1236; x_wconf 68' lang='lat'><strong>,</strong></span> <span class='ocrx_word' id='word_1_40' title='bbox 294 1153 390 1231; x_wconf 81' lang='lat' dir='ltr'><strong>Quod</strong></span> <span class='ocrx_word' id='word_1_41' title='bbox 411 1156 521 1243; x_wconf 84' lang='lat' dir='ltr'><strong>ipsum</strong></span> <span class='ocrx_word' id='word_1_42' title='bbox 544 1157 573 1222; x_wconf 86' lang='lat' dir='ltr'><strong>si</strong></span> <span class='ocrx_word' id='word_1_43' title='bbox 596 1158 734 1242; x_wconf 84' lang='lat' dir='ltr'><strong>cupiunt</strong></span> <span class='ocrx_word' id='word_1_44' title='bbox 756 1155 863 1222; x_wconf 74' lang='lat' dir='ltr'><strong>fauere</strong></span> <span class='ocrx_word' id='word_1_45' title='bbox 884 1156 1082 1222; x_wconf 69' lang='lat' dir='ltr'><strong>frustrantes</strong></span> <span class='ocrx_word' id='word_1_46' title='bbox 1104 1157 1140 1221; x_wconf 92' lang='lat' dir='ltr'><strong>in</strong></span> <span class='ocrx_word' id='word_1_47' title='bbox 1163 1175 1227 1239; x_wconf 89' lang='lat' dir='ltr'><strong>ore,</strong></span> 
     </span>
     <span class='ocr_line' id='line_1_8' title="bbox 155 1241 1186 1329; baseline 0.002 -23"><span class='ocrx_word' id='word_1_48' title='bbox 155 1283 159 1288; x_wconf 91' lang='lat'>-</span> <span class='ocrx_word' id='word_1_49' title='bbox 293 1241 363 1328; x_wconf 88' lang='lat' dir='ltr'><strong>Ipsi</strong></span> <span class='ocrx_word' id='word_1_50' title='bbox 386 1266 421 1310; x_wconf 87' lang='lat' dir='ltr'><strong>se</strong></span> <span class='ocrx_word' id='word_1_51' title='bbox 445 1246 662 1311; x_wconf 70' lang='lat' dir='ltr'><strong>subsannent:</strong></span> <span class='ocrx_word' id='word_1_52' title='bbox 685 1244 821 1310; x_wconf 79' lang='lat' dir='ltr'><strong>videant</strong></span> <span class='ocrx_word' id='word_1_53' title='bbox 843 1243 1040 1329; x_wconf 85' lang='lat' dir='ltr'><strong>completum</strong></span> <span class='ocrx_word' id='word_1_54' title='bbox 1063 1245 1099 1308; x_wconf 91' lang='lat' dir='ltr'><strong>in</strong></span> <span class='ocrx_word' id='word_1_55' title='bbox 1120 1244 1186 1311; x_wconf 92' lang='lat' dir='ltr'><strong>illo.</strong></span> 
     </span>
     <span class='ocr_line' id='line_1_9' title="bbox 268 1329 1364 1418; baseline -0.002 -20"><span class='ocrx_word' id='word_1_56' title='bbox 268 1392 273 1398; x_wconf 90' lang='lat'><strong><em>.</em></strong></span> <span class='ocrx_word' id='word_1_57' title='bbox 295 1329 376 1407; x_wconf 83' lang='lat' dir='ltr'><strong>Quis</strong></span> <span class='ocrx_word' id='word_1_58' title='bbox 398 1333 515 1400; x_wconf 80' lang='lat' dir='ltr'><strong>fuit&#39;is</strong></span> <span class='ocrx_word' id='word_1_59' title='bbox 537 1335 655 1416; x_wconf 87' lang='lat' dir='ltr'><strong>iustus,</strong></span> <span class='ocrx_word' id='word_1_60' title='bbox 678 1331 806 1418; x_wconf 85' lang='lat' dir='ltr'><strong>dequo</strong></span> <span class='ocrx_word' id='word_1_61' title='bbox 829 1331 1010 1418; x_wconf 86' lang='lat' dir='ltr'><strong>prophetue</strong></span> <span class='ocrx_word' id='word_1_62' title='bbox 1033 1333 1205 1413; x_wconf 76' lang='lat' dir='ltr'><strong>emebant,</strong></span> <span class='ocrx_word' id='word_1_63' title='bbox 1361 1405 1364 1408; x_wconf 47' lang='grc'><strong>,</strong></span> 
     </span>
     <span class='ocr_line' id='line_1_10' title="bbox 294 1417 1296 1507; baseline 0 -23"><span class='ocrx_word' id='word_1_64' title='bbox 294 1417 377 1484; x_wconf 80' lang='lat' dir='ltr'><strong>Gum</strong></span> <span class='ocrx_word' id='word_1_65' title='bbox 399 1442 496 1487; x_wconf 88' lang='lat' dir='ltr'><strong>nemo</strong></span> <span class='ocrx_word' id='word_1_66' title='bbox 520 1423 565 1488; x_wconf 88' lang='lat' dir='ltr'><strong>sit</strong></span> <span class='ocrx_word' id='word_1_67' title='bbox 586 1423 695 1488; x_wconf 87' lang='lat' dir='ltr'><strong>iustus</strong></span> <span class='ocrx_word' id='word_1_68' title='bbox 717 1423 756 1507; x_wconf 80' lang='lat' dir='ltr'><strong>in</strong></span> <span class='ocrx_word' id='word_1_69' title='bbox 775 1422 887 1505; x_wconf 84' lang='lat' dir='ltr'><strong>terris,</strong></span> <span class='ocrx_word' id='word_1_70' title='bbox 909 1422 974 1486; x_wconf 88' lang='lat' dir='ltr'><strong>nisi</strong></span> <span class='ocrx_word' id='word_1_71' title='bbox 992 1421 1114 1486; x_wconf 82' lang='lat' dir='ltr'><strong>eoeelo</strong></span> <span class='ocrx_word' id='word_1_72' title='bbox 1127 1418 1296 1485; x_wconf 78' lang='lat' dir='ltr'><strong>venisset?</strong></span> 
     </span>
     <span class='ocr_line' id='line_1_11' title="bbox 239 1506 1197 1597; baseline 0.003 -28"><span class='ocrx_word' id='word_1_73' title='bbox 239 1526 281 1568; x_wconf 78' lang='lat' dir='ltr'><strong>sou</strong></span> <span class='ocrx_word' id='word_1_74' title='bbox 295 1506 403 1573; x_wconf 70' lang='lat' dir='ltr'><strong>Dauid</strong></span> <span class='ocrx_word' id='word_1_75' title='bbox 425 1509 512 1574; x_wconf 86' lang='lat' dir='ltr'><strong>onim</strong></span> <span class='ocrx_word' id='word_1_76' title='bbox 534 1511 687 1597; x_wconf 75' lang='lat' dir='ltr'><strong>princeps</strong></span> <span class='ocrx_word' id='word_1_77' title='bbox 710 1510 858 1595; x_wconf 79' lang='lat' dir='ltr'><strong>peooevit</strong></span> <span class='ocrx_word' id='word_1_78' title='bbox 880 1509 1022 1574; x_wconf 73' lang='lat' dir='ltr'><strong>amando</strong></span> <span class='ocrx_word' id='word_1_79' title='bbox 1044 1507 1197 1594; x_wconf 86' lang='lat' dir='ltr'><strong>puellum,</strong></span> 
     </span>
     <span class='ocr_line' id='line_1_12' title="bbox 293 1593 1142 1683; baseline 0.002 -23"><span class='ocrx_word' id='word_1_80' title='bbox 293 1593 444 1664; x_wconf 81' lang='lat' dir='ltr'><strong>Peoouvit</strong></span> <span class='ocrx_word' id='word_1_81' title='bbox 467 1596 639 1683; x_wconf 80' lang='lat' dir='ltr'><strong>Salomon,</strong></span> <span class='ocrx_word' id='word_1_82' title='bbox 662 1603 698 1664; x_wconf 83' lang='lat' dir='ltr'><strong>et</strong></span> <span class='ocrx_word' id='word_1_83' title='bbox 718 1599 853 1664; x_wconf 74' lang='lat' dir='ltr'><strong>tandem</strong></span> <span class='ocrx_word' id='word_1_84' title='bbox 875 1597 1037 1683; x_wconf 74' lang='lat' dir='ltr'><strong>poenituit</strong></span> <span class='ocrx_word' id='word_1_85' title='bbox 1058 1597 1142 1663; x_wconf 89' lang='lat' dir='ltr'><strong>illos.</strong></span> 
     </span>
     <span class='ocr_line' id='line_1_13' title="bbox 118 1629 1210 1820; baseline 0 -69"><span class='ocrx_word' id='word_1_86' title='bbox 118 1629 122 1820; x_wconf 48' lang='lat' dir='ltr'>h</span> <span class='ocrx_word' id='word_1_87' title='bbox 293 1682 378 1751; x_wconf 78' lang='lat' dir='ltr'><strong>Cum</strong></span> <span class='ocrx_word' id='word_1_88' title='bbox 399 1686 524 1754; x_wconf 88' lang='lat' dir='ltr'><strong>iustum</strong></span> <span class='ocrx_word' id='word_1_89' title='bbox 545 1690 617 1754; x_wconf 81' lang='lat' dir='ltr'><strong>tum</strong></span> <span class='ocrx_word' id='word_1_90' title='bbox 639 1687 721 1754; x_wconf 75' lang='lat' dir='ltr'><strong>olari</strong></span> <span class='ocrx_word' id='word_1_91' title='bbox 743 1691 778 1754; x_wconf 89' lang='lat' dir='ltr'><strong>et</strong></span> <span class='ocrx_word' id='word_1_92' title='bbox 799 1687 923 1774; x_wconf 80' lang='lat' dir='ltr'><strong>insigni</strong></span> <span class='ocrx_word' id='word_1_93' title='bbox 946 1707 1039 1772; x_wconf 81' lang='lat' dir='ltr'><strong>reges</strong></span> <span class='ocrx_word' id='word_1_94' title='bbox 1060 1686 1210 1771; x_wconf 73' lang='lat' dir='ltr'><strong>bearunt,</strong></span> 
     </span>
     <span class='ocr_line' id='line_1_14' title="bbox 173 1769 1182 1861; baseline 0.007 -29"><span class='ocrx_word' id='word_1_95' title='bbox 173 1819 184 1832; x_wconf 83' lang='lat'><strong>,</strong></span> <span class='ocrx_word' id='word_1_96' title='bbox 292 1769 372 1839; x_wconf 85' lang='lat' dir='ltr'><strong>Nun</strong></span> <span class='ocrx_word' id='word_1_97' title='bbox 392 1776 530 1842; x_wconf 81' lang='lat' dir='ltr'><strong>fuerunt</strong></span> <span class='ocrx_word' id='word_1_98' title='bbox 550 1777 630 1842; x_wconf 91' lang='lat' dir='ltr'><strong>iusti</strong></span> <span class='ocrx_word' id='word_1_99' title='bbox 653 1776 734 1861; x_wconf 89' lang='lat' dir='ltr'><strong>ipsi,</strong></span> <span class='ocrx_word' id='word_1_100' title='bbox 758 1776 816 1842; x_wconf 86' lang='lat' dir='ltr'><strong>sed</strong></span> <span class='ocrx_word' id='word_1_101' title='bbox 839 1775 879 1843; x_wconf 83' lang='lat' dir='ltr'><strong>de</strong></span> <span class='ocrx_word' id='word_1_102' title='bbox 901 1776 988 1842; x_wconf 83' lang='lat' dir='ltr'><strong>iusto</strong></span> <span class='ocrx_word' id='word_1_103' title='bbox 1011 1775 1182 1841; x_wconf 75' lang='lat' dir='ltr'><strong>cauebant</strong></span> 
     </span>
     <span class='ocr_line' id='line_1_15' title="bbox 292 1858 1115 1947; baseline 0.005 -22"><span class='ocrx_word' id='word_1_104' title='bbox 292 1858 364 1926; x_wconf 87' lang='lat' dir='ltr'><strong>Neo</strong></span> <span class='ocrx_word' id='word_1_105' title='bbox 386 1864 517 1947; x_wconf 86' lang='lat' dir='ltr'><strong>quidem</strong></span> <span class='ocrx_word' id='word_1_106' title='bbox 539 1864 659 1930; x_wconf 73' lang='lat' dir='ltr'><strong>Esaias</strong></span> <span class='ocrx_word' id='word_1_107' title='bbox 682 1868 775 1932; x_wconf 82' lang='lat' dir='ltr'><strong>vetes</strong></span> <span class='ocrx_word' id='word_1_108' title='bbox 799 1864 839 1930; x_wconf 84' lang='lat' dir='ltr'><strong>de</strong></span> <span class='ocrx_word' id='word_1_109' title='bbox 862 1886 898 1930; x_wconf 85' lang='lat' dir='ltr'><strong>se</strong></span> <span class='ocrx_word' id='word_1_110' title='bbox 920 1863 1002 1930; x_wconf 79' lang='lat' dir='ltr'><strong>tulis</strong></span> <span class='ocrx_word' id='word_1_111' title='bbox 1024 1863 1115 1947; x_wconf 83' lang='lat' dir='ltr'><strong>dixit,</strong></span> 
     </span>
     <span class='ocr_line' id='line_1_16' title="bbox 235 1947 1102 2038; baseline 0.009 -31"><span class='ocrx_word' id='word_1_112' title='bbox 235 1967 281 2008; x_wconf 77' lang='lat' dir='ltr'><strong>suo</strong></span> <span class='ocrx_word' id='word_1_113' title='bbox 294 1947 359 2024; x_wconf 82' lang='lat' dir='ltr'><strong>Qui</strong></span> <span class='ocrx_word' id='word_1_114' title='bbox 381 1950 446 2016; x_wconf 86' lang='lat' dir='ltr'><strong>fuit</strong></span> <span class='ocrx_word' id='word_1_115' title='bbox 468 1973 490 2016; x_wconf 77' lang='lat' dir='ltr'><strong>e</strong></span> <span class='ocrx_word' id='word_1_116' title='bbox 510 1955 588 2038; x_wconf 77' lang='lat' dir='ltr'><strong>rege</strong></span> <span class='ocrx_word' id='word_1_117' title='bbox 611 1951 764 2017; x_wconf 78' lang='lat' dir='ltr'><strong>Msnusss</strong></span> <span class='ocrx_word' id='word_1_118' title='bbox 787 1952 827 2016; x_wconf 89' lang='lat' dir='ltr'><strong>de</strong></span> <span class='ocrx_word' id='word_1_119' title='bbox 850 1974 942 2018; x_wconf 83' lang='lat' dir='ltr'><strong>serre</strong></span> <span class='ocrx_word' id='word_1_120' title='bbox 964 1956 1102 2017; x_wconf 77' lang='lat' dir='ltr'><strong>secutus.</strong></span> 
     </span>
     <span class='ocr_line' id='line_1_17' title="bbox 293 2036 1128 2125; baseline 0.002 -23"><span class='ocrx_word' id='word_1_121' title='bbox 293 2036 389 2102; x_wconf 74' lang='lat' dir='ltr'><strong>Alter</strong></span> <span class='ocrx_word' id='word_1_122' title='bbox 411 2038 589 2125; x_wconf 74' lang='lat' dir='ltr'><strong>lapidatus,</strong></span> <span class='ocrx_word' id='word_1_123' title='bbox 611 2040 706 2110; x_wconf 77' lang='lat' dir='ltr'><strong>ulter.</strong></span> <span class='ocrx_word' id='word_1_124' title='bbox 719 2043 771 2106; x_wconf 83' lang='lat' dir='ltr'><strong>est</strong></span> <span class='ocrx_word' id='word_1_125' title='bbox 795 2043 955 2105; x_wconf 80' lang='lat' dir='ltr'><strong>muotstns</strong></span> <span class='ocrx_word' id='word_1_126' title='bbox 978 2039 1021 2104; x_wconf 84' lang='lat' dir='ltr'><strong>sd</strong></span> <span class='ocrx_word' id='word_1_127' title='bbox 1045 2061 1128 2124; x_wconf 80' lang='lat' dir='ltr'><strong>urus,</strong></span> 
     </span>
     <span class='ocr_line' id='line_1_18' title="bbox 211 2124 1109 2194; baseline 0.006 -6"><span class='ocrx_word' id='word_1_128' title='bbox 211 2181 213 2188; x_wconf 80' lang='grc'>,</span> <span class='ocrx_word' id='word_1_129' title='bbox 292 2124 443 2194; x_wconf 77' lang='lat' dir='ltr'><strong>Alterum</strong></span> <span class='ocrx_word' id='word_1_130' title='bbox 466 2126 613 2194; x_wconf 85' lang='lat' dir='ltr'><strong>Herodes</strong></span> <span class='ocrx_word' id='word_1_131' title='bbox 635 2129 734 2194; x_wconf 88' lang='lat' dir='ltr'><strong>iussit</strong></span> <span class='ocrx_word' id='word_1_132' title='bbox 755 2127 911 2194; x_wconf 79' lang='lat' dir='ltr'><strong>deoollsri</strong></span> <span class='ocrx_word' id='word_1_133' title='bbox 932 2127 1109 2194; x_wconf 80' lang='lat' dir='ltr'><strong>reclusum:</strong></span> 
     </span>
     <span class='ocr_line' id='line_1_19' title="bbox 293 2211 1145 2303; baseline 0.004 -24"><span class='ocrx_word' id='word_1_134' title='bbox 293 2211 415 2281; x_wconf 85' lang='lat' dir='ltr'><strong>Omnes</strong></span> <span class='ocrx_word' id='word_1_135' title='bbox 437 2216 517 2282; x_wconf 83' lang='lat' dir='ltr'><strong>iusti</strong></span> <span class='ocrx_word' id='word_1_136' title='bbox 540 2219 633 2284; x_wconf 78' lang='lat' dir='ltr'><strong>vetos</strong></span> <span class='ocrx_word' id='word_1_137' title='bbox 657 2217 726 2284; x_wconf 75' lang='lat' dir='ltr'><strong>ulis</strong></span> <span class='ocrx_word' id='word_1_138' title='bbox 748 2222 827 2284; x_wconf 87' lang='lat' dir='ltr'><strong>sunt</strong></span> <span class='ocrx_word' id='word_1_139' title='bbox 848 2219 953 2283; x_wconf 85' lang='lat' dir='ltr'><strong>morte</strong></span> <span class='ocrx_word' id='word_1_140' title='bbox 976 2216 1145 2303; x_wconf 82' lang='lat' dir='ltr'><strong>perempti</strong></span> 
     </span>
     <span class='ocr_line' id='line_1_20' title="bbox 294 2299 1155 2392; baseline 0.003 -25"><span class='ocrx_word' id='word_1_141' title='bbox 294 2299 389 2377; x_wconf 82' lang='lat' dir='ltr'><strong>Quod</strong></span> <span class='ocrx_word' id='word_1_142' title='bbox 410 2302 571 2370; x_wconf 85' lang='lat' dir='ltr'><strong>Dominus</strong></span> <span class='ocrx_word' id='word_1_143' title='bbox 593 2306 618 2370; x_wconf 91' lang='lat' dir='ltr'><strong>li</strong></span> <span class='ocrx_word' id='word_1_144' title='bbox 668 2328 688 2372; x_wconf 93' lang='lat'><strong>0</strong></span> <span class='ocrx_word' id='word_1_145' title='bbox 711 2305 881 2392; x_wconf 85' lang='lat' dir='ltr'><strong>pependit,</strong></span> <span class='ocrx_word' id='word_1_146' title='bbox 902 2327 982 2372; x_wconf 79' lang='lat' dir='ltr'><strong>vous</strong></span> <span class='ocrx_word' id='word_1_147' title='bbox 1006 2304 1155 2389; x_wconf 83' lang='lat' dir='ltr'><strong>Moyses:</strong></span> 
     </span>
     <span class='ocr_line' id='line_1_21' title="bbox 233 2386 1239 2478; baseline 0.002 -23"><span class='ocrx_word' id='word_1_148' title='bbox 233 2407 279 2450; x_wconf 75' lang='grc' dir='ltr'>ω</span> <span class='ocrx_word' id='word_1_149' title='bbox 293 2386 371 2456; x_wconf 89' lang='lat' dir='ltr'><strong>Non</strong></span> <span class='ocrx_word' id='word_1_150' title='bbox 393 2393 488 2477; x_wconf 78' lang='lat' dir='ltr'><strong>qussi</strong></span> <span class='ocrx_word' id='word_1_151' title='bbox 508 2393 609 2460; x_wconf 90' lang='lat' dir='ltr'><strong>homo</strong></span> <span class='ocrx_word' id='word_1_152' title='bbox 666 2415 724 2460; x_wconf 92' lang='lat' dir='ltr'><strong>ens</strong></span> <span class='ocrx_word' id='word_1_153' title='bbox 747 2393 971 2478; x_wconf 81' lang='lat' dir='ltr'><strong>suspenditur,</strong></span> <span class='ocrx_word' id='word_1_154' title='bbox 992 2393 1126 2458; x_wconf 79' lang='lat' dir='ltr'><strong>intimet</strong></span> <span class='ocrx_word' id='word_1_155' title='bbox 1149 2395 1239 2475; x_wconf 74' lang='lat' dir='ltr'><strong>unte,</strong></span> 
     </span>
     <span class='ocr_line' id='line_1_22' title="bbox 292 2477 1235 2565; baseline 0.002 -23"><span class='ocrx_word' id='word_1_156' title='bbox 292 2477 364 2544; x_wconf 78' lang='lat' dir='ltr'><strong>Aut</strong></span> <span class='ocrx_word' id='word_1_157' title='bbox 383 2501 452 2546; x_wconf 90' lang='lat' dir='ltr'><strong>non</strong></span> <span class='ocrx_word' id='word_1_158' title='bbox 474 2501 533 2556; x_wconf 78' lang='lat' dir='ltr'><strong>oen</strong></span> <span class='ocrx_word' id='word_1_159' title='bbox 555 2481 641 2546; x_wconf 86' lang='lat' dir='ltr'><strong>filius</strong></span> <span class='ocrx_word' id='word_1_160' title='bbox 664 2481 811 2547; x_wconf 87' lang='lat' dir='ltr'><strong>hominis</strong></span> <span class='ocrx_word' id='word_1_161' title='bbox 834 2481 940 2546; x_wconf 84' lang='lat' dir='ltr'><strong>mines</strong></span> <span class='ocrx_word' id='word_1_162' title='bbox 963 2480 1095 2565; x_wconf 77' lang='lat' dir='ltr'><strong>petitur,</strong></span> <span class='ocrx_word' id='word_1_163' title='bbox 1118 2480 1235 2565; x_wconf 80' lang='lat' dir='ltr'><strong>inquit</strong></span> 
     </span>
     <span class='ocr_line' id='line_1_23' title="bbox 293 2563 1190 2654; baseline 0.001 -22"><span class='ocrx_word' id='word_1_164' title='bbox 293 2563 348 2633; x_wconf 80' lang='lat' dir='ltr'><strong>sic</strong></span> <span class='ocrx_word' id='word_1_165' title='bbox 369 2567 533 2634; x_wconf 91' lang='lat' dir='ltr'><strong>Dominus</strong></span> <span class='ocrx_word' id='word_1_166' title='bbox 556 2569 628 2654; x_wconf 84' lang='lat' dir='ltr'><strong>ipse</strong></span> <span class='ocrx_word' id='word_1_167' title='bbox 651 2591 727 2635; x_wconf 84' lang='lat' dir='ltr'><strong>uum</strong></span> <span class='ocrx_word' id='word_1_168' title='bbox 749 2568 907 2652; x_wconf 81' lang='lat' dir='ltr'><strong>uenisset,</strong></span> <span class='ocrx_word' id='word_1_169' title='bbox 930 2569 998 2634; x_wconf 75' lang='lat' dir='ltr'><strong>istu</strong></span> <span class='ocrx_word' id='word_1_170' title='bbox 1020 2572 1190 2654; x_wconf 84' lang='lat' dir='ltr'><strong>sequutus:</strong></span> 
     </span>
     <span class='ocr_line' id='line_1_24' title="bbox 293 2652 1454 2743; baseline -0.003 -22"><span class='ocrx_word' id='word_1_171' title='bbox 293 2652 434 2739; x_wconf 78' lang='lat' dir='ltr'><strong>Oportet</strong></span> <span class='ocrx_word' id='word_1_172' title='bbox 454 2679 522 2741; x_wconf 87' lang='lat' dir='ltr'><strong>me,</strong></span> <span class='ocrx_word' id='word_1_173' title='bbox 544 2657 668 2743; x_wconf 90' lang='lat' dir='ltr'><strong>inquit,</strong></span> <span class='ocrx_word' id='word_1_174' title='bbox 689 2657 860 2743; x_wconf 72' lang='lat' dir='ltr'><strong>reprobari</strong></span> <span class='ocrx_word' id='word_1_175' title='bbox 882 2679 961 2722; x_wconf 81' lang='lat' dir='ltr'><strong>vous</strong></span> <span class='ocrx_word' id='word_1_176' title='bbox 984 2655 1119 2741; x_wconf 84' lang='lat' dir='ltr'><strong>Moysis.</strong></span> <span class='ocrx_word' id='word_1_177' title='bbox 1299 2693 1313 2717; x_wconf 71' lang='lat'><em>0</em></span> <span class='ocrx_word' id='word_1_178' title='bbox 1406 2717 1410 2724; x_wconf 86' lang='grc'><em>,</em></span> <span class='ocrx_word' id='word_1_179' title='bbox 1451 2717 1454 2734; x_wconf 57' lang='grc'><em>,</em></span> 
     </span>
     <span class='ocr_line' id='line_1_25' title="bbox 171 2743 1449 2845; baseline 0.002 -37"><span class='ocrx_word' id='word_1_180' title='bbox 171 2801 175 2808; x_wconf 92' lang='grc'><em>.</em></span> <span class='ocrx_word' id='word_1_181' title='bbox 360 2743 408 2810; x_wconf 79' lang='lat' dir='ltr'><strong>At</strong></span> <span class='ocrx_word' id='word_1_182' title='bbox 430 2766 492 2831; x_wconf 82' lang='lat' dir='ltr'><strong>ego</strong></span> <span class='ocrx_word' id='word_1_183' title='bbox 514 2767 585 2812; x_wconf 91' lang='lat' dir='ltr'><strong>non</strong></span> <span class='ocrx_word' id='word_1_184' title='bbox 607 2750 694 2831; x_wconf 81' lang='lat' dir='ltr'><strong>tutu,</strong></span> <span class='ocrx_word' id='word_1_185' title='bbox 716 2745 775 2812; x_wconf 85' lang='lat' dir='ltr'><strong>sed</strong></span> <span class='ocrx_word' id='word_1_186' title='bbox 798 2767 927 2812; x_wconf 82' lang='lat' dir='ltr'><strong>summu</strong></span> <span class='ocrx_word' id='word_1_187' title='bbox 948 2744 1084 2832; x_wconf 70' lang='lat' dir='ltr'><strong>fastigio</strong></span> <span class='ocrx_word' id='word_1_188' title='bbox 1106 2766 1215 2831; x_wconf 80' lang='lat' dir='ltr'><strong>osrpo,</strong></span> <span class='ocrx_word' id='word_1_189' title='bbox 1406 2767 1449 2845; x_wconf 55' lang='lat'><strong>³,</strong></span> 
     </span>
     <span class='ocr_line' id='line_1_26' title="bbox 232 2830 1359 2921; baseline 0.003 -24"><span class='ocrx_word' id='word_1_190' title='bbox 232 2849 280 2890; x_wconf 72' lang='lat' dir='ltr'><strong>m</strong></span> <span class='ocrx_word' id='word_1_191' title='bbox 293 2830 365 2908; x_wconf 78' lang='lat' dir='ltr'><strong>Quo</strong></span> <span class='ocrx_word' id='word_1_192' title='bbox 387 2833 519 2919; x_wconf 86' lang='lat' dir='ltr'><strong>possint</strong></span> <span class='ocrx_word' id='word_1_193' title='bbox 539 2833 669 2900; x_wconf 77' lang='lat' dir='ltr'><strong>incilius</strong></span> <span class='ocrx_word' id='word_1_194' title='bbox 691 2835 885 2921; x_wconf 78' lang='lat' dir='ltr'><strong>ignorantes</strong></span> <span class='ocrx_word' id='word_1_195' title='bbox 909 2834 1032 2900; x_wconf 82' lang='lat' dir='ltr'><strong>discere</strong></span> <span class='ocrx_word' id='word_1_196' title='bbox 1053 2854 1141 2900; x_wconf 60' lang='lat' dir='ltr'><strong>veru„</strong></span> <span class='ocrx_word' id='word_1_197' title='bbox 1355 2851 1359 2856; x_wconf 85' lang='lat'>&#39;</span> 
     </span>
     <span class='ocr_line' id='line_1_27' title="bbox 274 2918 1183 3009; baseline 0 -23"><span class='ocrx_word' id='word_1_198' title='bbox 274 2918 339 2998; x_wconf 69' lang='lat' dir='ltr'><strong>‚Hi</strong></span> <span class='ocrx_word' id='word_1_199' title='bbox 362 2924 473 2987; x_wconf 78' lang='lat' dir='ltr'><strong>eutem</strong></span> <span class='ocrx_word' id='word_1_200' title='bbox 494 2922 615 3008; x_wconf 85' lang='lat' dir='ltr'><strong>iniqui,</strong></span> <span class='ocrx_word' id='word_1_201' title='bbox 636 2921 694 3009; x_wconf 86' lang='lat' dir='ltr'><strong>qui</strong></span> <span class='ocrx_word' id='word_1_202' title='bbox 718 2921 856 2987; x_wconf 85' lang='lat' dir='ltr'><strong>subdole</strong></span> <span class='ocrx_word' id='word_1_203' title='bbox 879 2923 988 2987; x_wconf 79' lang='lat' dir='ltr'><strong>vivere</strong></span> <span class='ocrx_word' id='word_1_204' title='bbox 1011 2923 1183 3007; x_wconf 74' lang='lat' dir='ltr'><strong>quaerunt,</strong></span> 
     </span>
     <span class='ocr_line' id='line_1_28' title="bbox 292 3006 1140 3096; baseline 0 -22"><span class='ocrx_word' id='word_1_205' title='bbox 292 3006 366 3073; x_wconf 80' lang='lat' dir='ltr'><strong>lum</strong></span> <span class='ocrx_word' id='word_1_206' title='bbox 388 3009 489 3075; x_wconf 84' lang='lat' dir='ltr'><strong>semul</strong></span> <span class='ocrx_word' id='word_1_207' title='bbox 511 3011 637 3075; x_wconf 84' lang='lat' dir='ltr'><strong>omenti</strong></span> <span class='ocrx_word' id='word_1_208' title='bbox 661 3014 873 3094; x_wconf 81' lang='lat' dir='ltr'><strong>perseverunt¹</strong></span> <span class='ocrx_word' id='word_1_209' title='bbox 893 3010 1018 3096; x_wconf 81' lang='lat' dir='ltr'><strong>fingere</strong></span> <span class='ocrx_word' id='word_1_210' title='bbox 1041 3031 1140 3096; x_wconf 56' lang='lat' dir='ltr'><strong>sunm</strong></span> 
     </span>
     <span class='ocr_line' id='line_1_29' title="bbox 291 3094 1078 3184; baseline 0.005 -24"><span class='ocrx_word' id='word_1_211' title='bbox 291 3094 464 3162; x_wconf 74' lang='lat' dir='ltr'><strong>Infatusnt</strong></span> <span class='ocrx_word' id='word_1_212' title='bbox 486 3099 605 3164; x_wconf 84' lang='lat' dir='ltr'><strong>stultos</strong></span> <span class='ocrx_word' id='word_1_213' title='bbox 628 3099 737 3184; x_wconf 70' lang='lat' dir='ltr'><strong>magis</strong></span> <span class='ocrx_word' id='word_1_214' title='bbox 760 3119 952 3163; x_wconf 78' lang='lat' dir='ltr'><strong>evanescere</strong></span> <span class='ocrx_word' id='word_1_215' title='bbox 975 3098 1078 3164; x_wconf 84' lang='lat' dir='ltr'><strong>dictis.</strong></span> 
     </span>
     <span class='ocr_line' id='line_1_30' title="bbox 293 3180 1185 3272; baseline -0.001 -21"><span class='ocrx_word' id='word_1_216' title='bbox 293 3180 377 3250; x_wconf 79' lang='lat' dir='ltr'><strong>Cum</strong></span> <span class='ocrx_word' id='word_1_217' title='bbox 401 3185 571 3252; x_wconf 75' lang='lat' dir='ltr'><strong>crucifixus</strong></span> <span class='ocrx_word' id='word_1_218' title='bbox 586 3187 684 3269; x_wconf 39' lang='lat' dir='ltr'><strong>,euim</strong></span> <span class='ocrx_word' id='word_1_219' title='bbox 708 3187 756 3253; x_wconf 84' lang='lat' dir='ltr'><strong>sio</strong></span> <span class='ocrx_word' id='word_1_220' title='bbox 778 3189 958 3272; x_wconf 79' lang='lat' dir='ltr'><strong>oporteret,</strong></span> <span class='ocrx_word' id='word_1_221' title='bbox 982 3223 1025 3235; x_wconf 93' lang='lat'>-</span> <span class='ocrx_word' id='word_1_222' title='bbox 1049 3185 1185 3251; x_wconf 87' lang='lat' dir='ltr'><strong>eundem</strong></span> 
     </span>
     <span class='ocr_line' id='line_1_31' title="bbox 232 3270 1199 3361; baseline 0.003 -24"><span class='ocrx_word' id='word_1_223' title='bbox 232 3288 279 3330; x_wconf 65' lang='grc' dir='ltr'>ω</span> <span class='ocrx_word' id='word_1_224' title='bbox 293 3270 347 3338; x_wconf 77' lang='lat' dir='ltr'><strong>sie</strong></span> <span class='ocrx_word' id='word_1_225' title='bbox 370 3275 458 3340; x_wconf 87' lang='lat' dir='ltr'><strong>enim</strong></span> <span class='ocrx_word' id='word_1_226' title='bbox 481 3275 646 3360; x_wconf 83' lang='lat' dir='ltr'><strong>disposuit</strong></span> <span class='ocrx_word' id='word_1_227' title='bbox 666 3279 801 3361; x_wconf 84' lang='lat' dir='ltr'><strong>propter</strong></span> <span class='ocrx_word' id='word_1_228' title='bbox 823 3275 983 3360; x_wconf 79' lang='lat' dir='ltr'><strong>primitivi</strong></span> <span class='ocrx_word' id='word_1_229' title='bbox 1006 3275 1132 3340; x_wconf 75' lang='lat' dir='ltr'><strong>ruinam</strong></span> <span class='ocrx_word' id='word_1_230' title='bbox 1155 3310 1199 3324; x_wconf 92' lang='lat'><em>-</em></span> 
     </span>
     <span class='ocr_line' id='line_1_32' title="bbox 291 3359 1252 3449; baseline 0.002 -22"><span class='ocrx_word' id='word_1_231' title='bbox 291 3359 370 3427; x_wconf 84' lang='lat' dir='ltr'><strong>Non</strong></span> <span class='ocrx_word' id='word_1_232' title='bbox 392 3362 500 3428; x_wconf 87' lang='lat' dir='ltr'><strong>solum</strong></span> <span class='ocrx_word' id='word_1_233' title='bbox 521 3385 580 3449; x_wconf 91' lang='lat' dir='ltr'><strong>pro</strong></span> <span class='ocrx_word' id='word_1_234' title='bbox 604 3364 686 3449; x_wconf 91' lang='lat' dir='ltr'><strong>illis,</strong></span> <span class='ocrx_word' id='word_1_235' title='bbox 709 3363 766 3430; x_wconf 84' lang='lat' dir='ltr'><strong>ssd</strong></span> <span class='ocrx_word' id='word_1_236' title='bbox 789 3385 849 3449; x_wconf 88' lang='lat' dir='ltr'><strong>pro</strong></span> <span class='ocrx_word' id='word_1_237' title='bbox 872 3363 968 3430; x_wconf 86' lang='lat' dir='ltr'><strong>nobis</strong></span> <span class='ocrx_word' id='word_1_238' title='bbox 990 3363 1082 3430; x_wconf 78' lang='lat' dir='ltr'><strong>uenit</strong></span> <span class='ocrx_word' id='word_1_239' title='bbox 1103 3384 1121 3427; x_wconf 85' lang='lat' dir='ltr'><strong>e</strong></span> <span class='ocrx_word' id='word_1_240' title='bbox 1145 3363 1252 3448; x_wconf 85' lang='lat' dir='ltr'><strong>oeelo;</strong></span> 
     </span>
     <span class='ocr_line' id='line_1_33' title="bbox 293 3445 1197 3538; baseline 0.001 -23"><span class='ocrx_word' id='word_1_241' title='bbox 293 3445 476 3516; x_wconf 83' lang='lat' dir='ltr'><strong>Constituit</strong></span> <span class='ocrx_word' id='word_1_242' title='bbox 496 3453 654 3538; x_wconf 88' lang='lat' dir='ltr'><strong>populum</strong></span> <span class='ocrx_word' id='word_1_243' title='bbox 676 3474 800 3519; x_wconf 80' lang='lat' dir='ltr'><strong>norum</strong></span> <span class='ocrx_word' id='word_1_244' title='bbox 823 3474 882 3517; x_wconf 91' lang='lat' dir='ltr'><strong>suo</strong></span> <span class='ocrx_word' id='word_1_245' title='bbox 905 3450 1037 3519; x_wconf 88' lang='lat' dir='ltr'><strong>nomine</strong></span> <span class='ocrx_word' id='word_1_246' title='bbox 1059 3451 1197 3536; x_wconf 88' lang='lat' dir='ltr'><strong>firmum,</strong></span> 
     </span>
     <span class='ocr_line' id='line_1_34' title="bbox 291 3535 1233 3625; baseline 0.006 -23"><span class='ocrx_word' id='word_1_247' title='bbox 291 3535 389 3604; x_wconf 82' lang='lat' dir='ltr'><strong>qutu</strong></span> <span class='ocrx_word' id='word_1_248' title='bbox 411 3539 603 3624; x_wconf 73' lang='lat' dir='ltr'><strong>prophetias</strong></span> <span class='ocrx_word' id='word_1_249' title='bbox 627 3541 804 3625; x_wconf 82' lang='lat' dir='ltr'><strong>eomplevit</strong></span> <span class='ocrx_word' id='word_1_250' title='bbox 825 3542 936 3607; x_wconf 79' lang='lat' dir='ltr'><strong>omnis</strong></span> <span class='ocrx_word' id='word_1_251' title='bbox 959 3539 1118 3608; x_wconf 72' lang='lat' dir='ltr'><strong>Christus</strong></span> <span class='ocrx_word' id='word_1_252' title='bbox 1201 3544 1233 3608; x_wconf 87' lang='lat'><strong>&#39;.</strong></span> 
     </span>
     <span class='ocr_line' id='line_1_35' title="bbox 291 3623 1052 3714; baseline 0.007 -23"><span class='ocrx_word' id='word_1_253' title='bbox 291 3623 378 3692; x_wconf 78' lang='lat' dir='ltr'><strong>Eoos</strong></span> <span class='ocrx_word' id='word_1_254' title='bbox 398 3648 486 3694; x_wconf 81' lang='lat' dir='ltr'><strong>nove</strong></span> <span class='ocrx_word' id='word_1_255' title='bbox 507 3629 603 3714; x_wconf 78' lang='lat' dir='ltr'><strong>isoio,</strong></span> <span class='ocrx_word' id='word_1_256' title='bbox 625 3628 745 3696; x_wconf 72' lang='lat' dir='ltr'><strong>Esaias</strong></span> <span class='ocrx_word' id='word_1_257' title='bbox 768 3629 891 3695; x_wconf 77' lang='lat' dir='ltr'><strong>ulumut</strong></span> <span class='ocrx_word' id='word_1_258' title='bbox 912 3630 947 3694; x_wconf 92' lang='lat' dir='ltr'><strong>iu</strong></span> <span class='ocrx_word' id='word_1_259' title='bbox 970 3629 1052 3714; x_wconf 90' lang='lat' dir='ltr'><strong>ipso,</strong></span> 
     </span>
     <span class='ocr_line' id='line_1_36' title="bbox 231 3711 1172 3816; baseline 0.004 -38"><span class='ocrx_word' id='word_1_260' title='bbox 231 3731 278 3772; x_wconf 69' lang='grc' dir='ltr'>ω</span> <span class='ocrx_word' id='word_1_261' title='bbox 291 3711 340 3779; x_wconf 82' lang='lat' dir='ltr'><strong>Et</strong></span> <span class='ocrx_word' id='word_1_262' title='bbox 359 3737 456 3784; x_wconf 87' lang='lat' dir='ltr'><strong>nemo</strong></span> <span class='ocrx_word' id='word_1_263' title='bbox 478 3717 589 3802; x_wconf 80' lang='lat' dir='ltr'><strong>priore</strong></span> <span class='ocrx_word' id='word_1_264' title='bbox 611 3721 743 3816; x_wconf 77' lang='lat' dir='ltr'><strong>reputet</strong></span> <span class='ocrx_word' id='word_1_265' title='bbox 764 3740 827 3784; x_wconf 83' lang='lat' dir='ltr'><strong>neo</strong></span> <span class='ocrx_word' id='word_1_266' title='bbox 850 3719 986 3804; x_wconf 79' lang='lat' dir='ltr'><strong>entique</strong></span> <span class='ocrx_word' id='word_1_267' title='bbox 1009 3721 1172 3803; x_wconf 77' lang='lat' dir='ltr'><strong>sequntur.</strong></span> 
     </span>
    </p>
   </div>
   <div class='ocr_carea' id='block_1_3' title="bbox 1593 593 1626 961">
    <p class='ocr_par' dir='ltr' id='par_1_3' title="bbox 1593 593 1626 961">
     <span class='ocr_line' id='line_1_37' title="bbox 1593 593 1626 961; textangle 90"><span class='ocrx_word' id='word_1_268' title='bbox 1593 593 1626 961; x_wconf 54' lang='lat' dir='ltr'><strong>‚uz-2:122:-</strong></span> 
     </span>
    </p>
   </div>
   <div class='ocr_carea' id='block_1_4' title="bbox 1602 969 1626 1922">
    <p class='ocr_par' dir='ltr' id='par_1_4' title="bbox 1602 969 1626 1922">
     <span class='ocr_line' id='line_1_38' title="bbox 1602 969 1626 1922; textangle 90"><span class='ocrx_word' id='word_1_269' title='bbox 1617 1907 1622 1922; x_wconf 87' lang='lat'>-</span> <span class='ocrx_word' id='word_1_270' title='bbox 1613 1729 1623 1864; x_wconf 60' lang='grc'><strong>--...,,</strong></span> <span class='ocrx_word' id='word_1_271' title='bbox 1602 969 1626 1659; x_wconf 52' lang='grc' dir='ltr'><strong>ι-ι-ηο-κι-ιωωῌω</strong></span> 
     </span>
    </p>
   </div>
   <div class='ocr_carea' id='block_1_5' title="bbox 364 4032 376 4074">
    <p class='ocr_par' dir='ltr' id='par_1_5' title="bbox 364 4032 376 4074">
     <span class='ocr_line' id='line_1_39' title="bbox 364 4032 376 4074; baseline 0 0"><span class='ocrx_word' id='word_1_272' title='bbox 364 4032 376 4074; x_wconf 75' lang='lat' dir='ltr'><strong>t</strong></span> 
     </span>
    </p>
   </div>
   <div class='ocr_carea' id='block_1_6' title="bbox 0 0 2158 4608">
    <p class='ocr_par' dir='ltr' id='par_1_6' title="bbox 0 0 2158 4608">
     <span class='ocr_line' id='line_1_40' title="bbox 0 0 2158 4608; baseline 0 4"><span class='ocrx_word' id='word_1_273' title='bbox 0 0 2158 4608; x_wconf 95' lang='lat' dir='ltr'><strong> </strong></span> 
     </span>
    </p>
   </div>
  </div>
 </body>
</html>
